<?xml version="1.0" encoding="UTF-8"?><collection><record><leader>06364ntm a2200649 a 4500</leader><controlfield tag="001">006815863</controlfield><controlfield tag="003">MiAaHDL</controlfield><controlfield tag="005">20190719000000.0</controlfield><controlfield tag="006">m        d        </controlfield><controlfield tag="007">cr bn ---auaua</controlfield><controlfield tag="008">090611q15421543xx            00| ||per d</controlfield><datafield tag="035" ind1=" " ind2=" "><subfield code="a">(MiU)006815863</subfield></datafield><datafield tag="035" ind1=" " ind2=" "><subfield code="a">sdr-miu006815863</subfield></datafield><datafield tag="040" ind1=" " ind2=" "><subfield code="a">MiU</subfield><subfield code="c">MiU</subfield><subfield code="e">amremm</subfield></datafield><datafield tag="043" ind1=" " ind2=" "><subfield code="a">n-us-mi</subfield></datafield><datafield tag="100" ind1="0" ind2=" "><subfield code="6">880-01</subfield><subfield code="a">Jāmī,</subfield><subfield code="d">1414-1492.</subfield></datafield><datafield tag="240" ind1="1" ind2="0"><subfield code="6">880-02</subfield><subfield code="a">Yūsuf va Zulaykhā</subfield></datafield><datafield tag="245" ind1="1" ind2="0"><subfield code="6">880-03</subfield><subfield code="a">[Yūsuf va Zulaykhā,</subfield><subfield code="f">949, i.e. 1542 or 1543].</subfield></datafield><datafield tag="246" ind1="3" ind2=" "><subfield code="a">يوسف و زليخا</subfield></datafield><datafield tag="260" ind1=" " ind2=" "><subfield code="c">[1542 or 1543].</subfield></datafield><datafield tag="300" ind1=" " ind2=" "><subfield code="a">150 leaves :</subfield><subfield code="b">paper ;</subfield><subfield code="c">205 x 133 (130 x 61) mm.</subfield></datafield><datafield tag="500" ind1=" " ind2=" "><subfield code="a">Shelfmark: Ann Arbor, University of Michigan, Special Collections Library, Isl. Ms. 332</subfield></datafield><datafield tag="500" ind1=" " ind2=" "><subfield code="a">Origin: As appears in colophon on p.299, copied by Yārī al-Haravī with transcription completed 949 [1542 or 3].</subfield></datafield><datafield tag="500" ind1=" " ind2=" "><subfield code="a">Former shelfmark: "131 T. De M. [i.e. Tammaro De Marinis]" inscribed in pencil on verso of front flyleaf.</subfield></datafield><datafield tag="500" ind1=" " ind2=" "><subfield code="a">Binding: Pasteboards covered in dark brown leather ; Type II binding (with flap), two-piece binding with overlapping flanges visible at spine ; board linings in yellow-tinted gold-flecked laid paper, flyleaves in pink-tinted gold-flecked laid paper ; upper and lower covers carry stamped (over red-brown onlays) and gold-painted mandorla (filled with vegetal composition, compare Déroche class. OAi 4) and pendants with gold-painted accents and tooled border in a series of s-shaped stamps ; edges of text block gold-painted with floral designs ; sewn in dark pink thread, two stations, sewining failing (threads broken in several gatherings) ; worked chevron endbands in pink and pale yellow [?], god condition ; overall in fair condition with much abrasion, staining, some lifting of leather, etc.</subfield></datafield><datafield tag="500" ind1=" " ind2=" "><subfield code="a">Support: non-European (likely Persian) laid paper with 7-8 laid lines per cm. (vertical, not very distinct) and irregular chain lines faintly visible (unclear), cloudy formation, sturdy and fairly thick, well-burnished, medium beige in color, some leaves more yellow in color ; flyleaves in European laid paper with 6 laid lines per cm. (vertical), chain lines spaced 28-29 mm. apart (horizontal), and three crescents watermark (98 mm. long, perpendicular to chains) ; some breakthrough at frames, staining and tide lines.</subfield></datafield><datafield tag="500" ind1=" " ind2=" "><subfield code="a">Decoration: Exquisite double-page illumination at opening on pp.2-3 consists of large rectangular panels each divided to central rectangular panel carrying opening text set off by cloud-bands (in gold with floral accents, flanking panels filled with arabesque and floral accents in gold, red, yellow, white, etc. on fields of gold and lapis lazuli, and upper and lower rectangular panels with empty gold cartouches flanked by pendants and surrounded by elegant swirling arabesque with floral accents in turquoise, gold, red, white, lavender, and yellow on fields of gold and lapis lazuli evoking book cover design, upper and lower panels surrounded by border of heavy interlace and narrow white bands, entire rectangular panel surrounded by a series of gold lozenges and elaborate border (marginal decoration) with triangular piece or hasp (mainly in gold and lapis lazuli with swirling arabesque) at the center of each of the three outer sides set into an intricate arabesque design with floral accents on fields of gold, light blue, and lapis lazuli accented with perpendicular stalks [tīgh] ; written area throughout surrounded by frame consisting of a series of turquoise, gold, and blue fillets ; written area gold-flecked ; keywords and headings chrysographed.</subfield></datafield><datafield tag="500" ind1=" " ind2=" "><subfield code="a">Script: Nastaʻlīq ; compact, elegant hand ; serifless, with effect of words descending to baseline, closed counters, and elongated horizontal strokes.</subfield></datafield><datafield tag="500" ind1=" " ind2=" "><subfield code="a">Layout: Written in 14 lines per page with written area divided to two columns ; frame-ruled.</subfield></datafield><datafield tag="500" ind1=" " ind2=" "><subfield code="a">Collation: i, III+1 (7), 17 IV(143), III+1 (150),i ; chiefly quaternions ; catchwords present ; pagination in pencil, Western numerals, supplied during digitization.</subfield></datafield><datafield tag="500" ind1=" " ind2=" "><subfield code="a">Colophon: "Scribal," triangular, in Arabic, reads "تمت الكتاب على يد الفقير المذنب المهجور يارى الهروى سنه ۹۴۹ غفر ذنوبهما وستر عيوبهما م"</subfield></datafield><datafield tag="500" ind1=" " ind2=" "><subfield code="a">Explicit: "زبانرا گوشمال خامشی ده که هست از هر چه گوئی خامشی به بیادگار نوشتم خطی که ایامی بدین بهانه عزیزان کنند از میاد"</subfield></datafield><datafield tag="500" ind1=" " ind2=" "><subfield code="a">Incipit: "الهی غنچه امید بگشای گلی از روضه جاوید بنمای ..."</subfield></datafield><datafield tag="500" ind1=" " ind2=" "><subfield code="a">Title supplied by cataloguer.</subfield></datafield><datafield tag="500" ind1=" " ind2=" "><subfield code="a">Ms. codex.</subfield></datafield><datafield tag="510" ind1="4" ind2=" "><subfield code="a">Rypka,</subfield><subfield code="c">p.286-8</subfield></datafield><datafield tag="510" ind1="4" ind2=" "><subfield code="a">Browne, A literary history of Persia,</subfield><subfield code="c">iii, p.515-16, 531-33</subfield></datafield><datafield tag="510" ind1="4" ind2=" "><subfield code="a">Rieu, Cat. Pers. MSS. Brit. Mus.,</subfield><subfield code="c">p.645</subfield></datafield><datafield tag="520" ind1="8" ind2=" "><subfield code="a">Exquisite copy of Yūsuf va Zulaykhā, the fifth of the seven mas̲navīs of Jāmī (d.1492) collected under the title Haft awrang.</subfield></datafield><datafield tag="538" ind1=" " ind2=" "><subfield code="a">Mode of access: Internet.</subfield></datafield><datafield tag="541" ind1=" " ind2=" "><subfield code="c">Purchase ;</subfield><subfield code="a">Acquired by purchase (funds donated by Horace Rackham).</subfield><subfield code="d">1924.</subfield></datafield><datafield tag="546" ind1=" " ind2=" "><subfield code="a">Persian.</subfield></datafield><datafield tag="561" ind1=" " ind2=" "><subfield code="a">Inscription in pencil on verso of front flyleaf "131 T. De M. [i.e. Tammaro De Marinis]" ; possible inventory mark in pencil on upper board lining ; effaced mark on front flyleaf ; possible former owners' mark and seal impression (both now effaced) on p.4 ; fairly clean copy.</subfield></datafield><datafield tag="650" ind1=" " ind2="0"><subfield code="a">Manuscripts, Persian</subfield><subfield code="z">Michigan</subfield><subfield code="z">Ann Arbor.</subfield></datafield><datafield tag="650" ind1=" " ind2="0"><subfield code="a">Masnavis, Persian</subfield><subfield code="v">Early works to 1800.</subfield></datafield><datafield tag="650" ind1=" " ind2="0"><subfield code="a">Sufi poetry, Persian</subfield><subfield code="v">Early works to 1800.</subfield></datafield><datafield tag="650" ind1=" " ind2="0"><subfield code="a">Persian poetry</subfield><subfield code="y">747-1500.</subfield></datafield><datafield tag="655" ind1=" " ind2="7"><subfield code="a">Headpieces (layout features)</subfield><subfield code="y">16th century.</subfield><subfield code="2">aat</subfield></datafield><datafield tag="700" ind1="0" ind2=" "><subfield code="a">Abdülhamid</subfield><subfield code="b">II,</subfield><subfield code="c">Sultan of the Turks,</subfield><subfield code="d">1842-1918,</subfield><subfield code="e">former owner.</subfield></datafield><datafield tag="700" ind1="0" ind2=" "><subfield code="6">880-07</subfield><subfield code="a">Yārī al-Haravī,</subfield><subfield code="d">fl. 1542,</subfield><subfield code="e">scribe.</subfield></datafield><datafield tag="700" ind1="0" ind2=" "><subfield code="6">880-04</subfield><subfield code="a">Jāmī,</subfield><subfield code="d">1414-1492.</subfield><subfield code="t">Haft awrang.</subfield></datafield><datafield tag="773" ind1="0" ind2=" "><subfield code="a">Abdul Hamid Collection.</subfield></datafield><datafield tag="880" ind1="0" ind2=" "><subfield code="6">700-07/</subfield><subfield code="a">يارى الهروى,</subfield><subfield code="e">ناسخ.</subfield></datafield><datafield tag="880" ind1="0" ind2=" "><subfield code="6">700-04/</subfield><subfield code="a">جامى.</subfield><subfield code="t">هفت اورنگ.</subfield></datafield><datafield tag="880" ind1="1" ind2="0"><subfield code="6">245-03/</subfield><subfield code="a">[یوسف و زلیخا,</subfield><subfield code="f">949ه, 1542 یا 1543م].</subfield></datafield><datafield tag="880" ind1="1" ind2="0"><subfield code="6">240-02/</subfield><subfield code="a">يوسف و زليخا</subfield></datafield><datafield tag="880" ind1="0" ind2=" "><subfield code="6">100-01/</subfield><subfield code="a">جامى.</subfield></datafield><datafield tag="CID" ind1=" " ind2=" "><subfield code="a">006815863</subfield></datafield><datafield tag="DAT" ind1="0" ind2=" "><subfield code="a">20190719102639.0</subfield><subfield code="b">20190719000000.0</subfield></datafield><datafield tag="DAT" ind1="1" ind2=" "><subfield code="a">20190719090653.0</subfield><subfield code="b">2019-07-19T16:11:44Z</subfield></datafield><datafield tag="DAT" ind1="2" ind2=" "><subfield code="a">2015-10-02T18:00:03Z</subfield></datafield><datafield tag="CAT" ind1=" " ind2=" "><subfield code="a">SDR-MIU</subfield><subfield code="d">EX LIBRIS - ALEPH</subfield><subfield code="l">prepare.pl-004-008</subfield></datafield><datafield tag="FMT" ind1=" " ind2=" "><subfield code="a">BK</subfield></datafield><datafield tag="HOL" ind1=" " ind2=" "><subfield code="0">sdr-miu006815863</subfield><subfield code="a">MiU</subfield><subfield code="b">SDR</subfield><subfield code="c">MIU</subfield><subfield code="p">mdp.39015079129535</subfield><subfield code="s">MIU</subfield><subfield code="1">006815863</subfield></datafield><datafield tag="974" ind1=" " ind2=" "><subfield code="b">MIU</subfield><subfield code="c">MIU</subfield><subfield code="d">20190719</subfield><subfield code="s">lit-dlps-dc</subfield><subfield code="u">mdp.39015079129535</subfield><subfield code="y">1543</subfield><subfield code="r">pd</subfield><subfield code="q">bib</subfield><subfield code="t">non-US bib date2 &lt; 1896</subfield></datafield></record></collection>